@inproceedings{aswc08,
  author    = {Ren{\'e} Witte and Thomas Gitzinger},
  title     = {{Semantic Assistants -- User-Centric Natural Language Processing
               Services for Desktop Clients}},
  booktitle = {3rd Asian Semantic Web Conference (ASWC 2008)},
  month     = {February 2--5},
  year      = {2009},
  address   = {Bangkok, Thailand},
  pages     = {360--374},
  publisher = {Springer},
  series    = {LNCS},
  volume    = {5367},
  ee        = {http://dx.doi.org/10.1007/978-3-540-89704-0_25},
  doi       = {10.1007/978-3-540-89704-0_25},
  url       = {http://rene-witte.net/semantic-assistants-aswc08}
}

@InProceedings{giwi08,
  author =       {Thomas Gitzinger and Ren\'{e} Witte},
  title =        {{Enhancing the OpenOffice.org Word Processor with 
                   Natural Language Processing Capabilities}},
  booktitle =    {Natural Language Processing resources, algorithms 
                  and tools for authoring aids},
  month =        {June 1},
  year =         {2008},
  address =      {Marrakech, Morocco},
  url =          {http://rene-witte.net/enhancing-openoffice-writer-with-NLP}
}
